@book{nielsen_chuang_10th,
    title={Quantum Computation and Quantum Information},
    publisher={Cambridge University Press},
    author={Nielsen, Michael A. and Chuang, Isaac L.},
    year={2010}
}
@book{vlatko_v,
    title={Introduction to Quantum Information Science},
    publisher={Oxford University Press},
    author={Vlatko Vedral},
    year={2006}
}